<record><leader>00000cas a22000007a 4500</leader><controlfield tag="001">13111881</controlfield><controlfield tag="008">860206d18831911nyudr ne      0    0eng  </controlfield><controlfield tag="009">466</controlfield><datafield ind1=" " ind2=" " tag="010"><subfield code="a">sn 86071087 </subfield></datafield><datafield ind1=" " ind2=" " tag="040"><subfield code="a">DLC</subfield><subfield code="b">eng</subfield><subfield code="c">DLC</subfield><subfield code="d">NYS</subfield><subfield code="d">OCLCQ</subfield><subfield code="d">OCLCO</subfield><subfield code="d">OCLCF</subfield></datafield><datafield ind1="1" ind2=" " tag="029"><subfield code="a">AU@</subfield><subfield code="b">000025832060</subfield></datafield><datafield ind1=" " ind2=" " tag="042"><subfield code="a">msc</subfield></datafield><datafield ind1="0" ind2="0" tag="050"><subfield code="a">Newspaper 8829-X</subfield></datafield><datafield ind1="0" ind2=" " tag="130"><subfield code="a">Troy daily press (Troy, N.Y. : 1883)</subfield></datafield><datafield ind1="0" ind2="4" tag="245"><subfield code="a">The Troy daily press.</subfield></datafield><datafield ind1=" " ind2=" " tag="260"><subfield code="a">Troy, N.Y. :</subfield><subfield code="b">Parmenter &amp; Eaton,</subfield><subfield code="c">1883-1911.</subfield></datafield><datafield ind1=" " ind2=" " tag="300"><subfield code="a">v. :</subfield><subfield code="b">ill. (chiefly advertisements) ;</subfield><subfield code="c">70 cm.</subfield></datafield><datafield ind1=" " ind2=" " tag="310"><subfield code="a">Daily</subfield></datafield><datafield ind1="0" ind2=" " tag="362"><subfield code="a">Vol. 16 (May 12, 1883)-v. 48, no. 276 (Jun. 30, 1911).</subfield></datafield><datafield ind1=" " ind2="0" tag="651"><subfield code="a">Troy (N.Y.)</subfield><subfield code="v">Newspapers.</subfield></datafield><datafield ind1=" " ind2="7" tag="655"><subfield code="a">Newspapers.</subfield><subfield code="2">fast</subfield><subfield code="0">(OCoLC)fst01423814</subfield></datafield><datafield ind1=" " ind2="7" tag="651"><subfield code="a">New York (State)</subfield><subfield code="z">Troy.</subfield><subfield code="2">fast</subfield><subfield code="0">(OCoLC)fst01202806</subfield></datafield><datafield ind1=" " ind2=" " tag="752"><subfield code="a">United States</subfield><subfield code="b">New York</subfield><subfield code="c">Rensselaer</subfield><subfield code="d">Troy.</subfield></datafield><datafield ind1="0" ind2=" " tag="775"><subfield code="t">Troy weekly press</subfield><subfield code="w">(DLC)sn 89071400</subfield><subfield code="w">(OCoLC)20437039</subfield></datafield><datafield ind1="0" ind2="0" tag="780"><subfield code="t">Troy press (Troy, N.Y. : 1879)</subfield><subfield code="w">(DLC)sn 85054473</subfield><subfield code="w">(OCoLC)12014937</subfield></datafield><datafield ind1="0" ind2="7" tag="785"><subfield code="t">Evening standard (Troy, N.Y.)</subfield><subfield code="w">(DLC)sn 84031350</subfield></datafield><datafield ind1="0" ind2="7" tag="785"><subfield code="t">Troy standard press</subfield><subfield code="w">(DLC)sn 84035916</subfield></datafield></record>